@techreport{Archibald84,
          Author = {B. C. Archibald},
          Title  = {Invertible region of {H}olt-{W}inters' model},
          Year   = "1984",
          Institution = {School of Business Administration, Dalhousie University, Halifax, NS. Canada},
          Type = {Working paper},
          Number = "31/1984"
}

@techreport{Archibald91,
          Author = {B. C. Archibald},
          Title  = {Invertible region of damped trend, seasonal, exponential smoothing model},
          Year   = "1991",
          Institution = {School of Business Administration, Dalhousie University, Halifax, NS. Canada},
          Type = {Working paper},
          Number = "10/1991"
}

@techreport{Archibald94,
          Author = {B. C. Archibald},
          Title  = {Winters models: three versions, diagonostic checks and forecast performances},
          Year   = "1994",
          Institution = {School of Business Administration, Dalhousie University, Halifax, NS. Canada},
          Type = {Working paper},
          Number = "4/1994"
}

@techreport{Gardner84,
          Author = {E. S. Gardner},
          Title  = {Forecast control with parabolic masks},
          Year   = "1984",
          Institution = {Navy Fleet Material Support Office, Mechanicsburg, USA},
          Type = {Working paper},
          Number = "1984"
}

@techreport{HK05,
          Author = {R. J. Hyndman and A. B. Koehler},
          Title  = {Another look at measures of forecast accuracy},
          Year   = "2005",
          Institution = {Department of Econometrics and Business Statistics, Monash University},
          Type = {Working paper}
}

@techreport{Holt57,
          Author = {C. E. Holt},
          Title  = {Forecasting trends and seasonals by exponentially weighted averages},
          Year   = "1957",
          Institution = {Carnegie Institute of Technology},
          Type = {O.N.R. Memorandum},
          Number = "52/1957"
}

@techreport{Lawton1,
          Author = {R. Lawton},
          Title  = {The use of unstable parameter values in exponential smoothing},
          Year   = "2000",
          Institution = {Faculty of Computer studies and Mathematics, University of the West England, Bristol},
          Type = {Working paper}
}

@techreport{Lawton2,
          Author = {R. Lawton},
          Title  = {Parameter estimation in exponential smoothing},
          Year   = "2001",
          Institution = {Faculty of Computer studies and Mathematics, University of the West England, Bristol},
          Type = {Working paper}
}

@techreport{Mabert75,
          Author = {V. A. Mabert},
          Title  = {Statistical versus sales force-executive opinion short-range forecasts:
                    a time series analysis case study},
          Year   = "1975",
          Institution = {Krannert Graduate School, Purdue University},
          Type = {Case study}
}

@techreport{OK90,
          Author = {J. K. Ord and A. B. Koehler},
          Title  = {A structural model for the multiplicative {H}olt-{W}inters method},
          Year   = "1990",
          Institution = {Decision Sciences Institute},
          Type = {Proceedings}
}

@techreport{Reid69,
          Author = {D. J. Reid},
          Title  = {A comparative study of time series prediciton techniques on economic data},
          Year   = "1969",
          Institution = {University of Nottinggham},
          Type = {Ph{D} thesis}
}

@techreport{Snyder04,
          Author = {R. D. Snyder},
          Title  = {A pedant's approach to exponential smoothing},
          Year   = "2004",
          Institution = {Deparment of Econometrics and Business Statistics, Monash University},
          Type = {Working Paper}
}

@techreport{Sweet83a,
          Author = {A. L. Sweet},
          Title  = {Computing the variance of the forecast error for the additive seasonal model},
          Year   = "1983a",
          Institution = {School of Industrial Engineering, Purdue University, West Lafayette, USA},
          Type = {Research Memorandom},
          Number = "83--5"
}

@techreport{Sweet83b,
          Author = {A. L. Sweet},
          Title  = {Computing the variance of the forecast error for the multiplicative {(HW)} seasonal model},
          Year   = "1983b",
          Institution = {School of Industrial Engineering, Purdue University, West Lafayette, USA},
          Type = {Research Memorandom},
          Number = "83--7"
}

@unpublished{Reid77,
          Author = {D. J. Reid},
          Title  = {A survey of statistical forecasting techniques with empirical comparison},
          Year   = "1977",
          Note = {Paper presented at the IEEE Symposium on Statistical Model Building for Prediction and Control}
}

@article{AC92,
          Author = {J. S. Armstrong and F. Collopy},
          Title  = {Error measures for generalizing about forecasting methods: empirical comparison},
          Journal = {International Journal of Forecasting},
          Volume = "08",
          Number = "",
          Pages  = "69--80",
          Year   = "1992"
}

@article{AE76,
          Author = {E. E. Adam and R. J. Ebert},
          Title  = {A comparison of human and statistical forecasting},
          Journal = {AIITE Transactions},
          Volume = "8",
          Number = "",
          Pages  = "120--127",
          Year   = "1976"
}

@article{AF92,
          Author = {J. S. Armstrong and R. Fildes},
          Title  = {On the selection of error measures for comparisons among forecasting methods},
          Journal = {Journal of Froecasting},
          Volume = "14",
          Number = "",
          Pages  = "67--71",
          Year   = "1995"
}

@article{AK86,
          Author = {C. F. Ansley and R. Kohn},
          Title  = {Prediction mean square error for state space models with estimated parameter},
          Journal = {Biometrika},
          Volume = "73",
          Number = "",
          Pages  = "467--473",
          Year   = "1986"
}

@article{AL86,
          Author = {B. Abraham and J. Ledolter},
          Title  = {Forecast functions implied by {A}utoregressive {I}ntegrated {M}oving {A}verage
                    models and other related forecast procedures},
          Journal = {International Statistical Review},
          Volume = "54",
          Number = "",
          Pages  = "51--66",
          Year   = "1986"
}

@article{Archibald90,
          Author = {B. C. Archibald},
          Title  = {Parameter space of the {H}olt-{W}inters' model},
          Journal = {International Journal of Forecasting},
          Volume = "6",
          Number = "",
          Pages  = "199--229",
          Year   = "1990"
}

@article{BDF68,
          Author = {J. L. Brenner and D. A. D'Esopo and A. G. Fowler},
          Title  = {Difference equations in forecasting formulas},
          Journal = {Management Science},
          Volume = "15",
          Number = "",
          Pages  = "141--159",
          Year   = "1968"
}

@article{BS89,
          Author = {S. M. Bartolomei and A. L. Sweet},
          Title  = {A note on a comparison of exponential smoothing methods for forecasting
                    seasonal series},
          Journal = {International Journal of Forecasting},
          Volume = "5",
          Number = "",
          Pages  = "111--116",
          Year   = "1989"
}

@article{CA92,
          Author = {F. Collopy and J. S. Armstrong},
          Title  = {Rule based forecasting},
          Journal = {Management Science},
          Volume = "38",
          Number = "",
          Pages  = "1394--1414",
          Year   = "1992"
}

@article{CA00,
          Author = {F. Collopy and J. S. Armstrong},
          Title  = {Another error measure for selection of the best forecasting methods:
                    the unbiased absolute percentage error},
          Journal = {},
          Volume = "Published only on the Internet: cite as",
          Number = "",
          Pages  = "http://hops.wharton.upenn.edu/forecast/paperpdf/armstrong-unbiasedAPE.pdf",
          Year   = "2000"
}

@article{Chatfield77,
          Author = {C. Chatfield},
          Title  = {Some recent development in time series analysis},
          Journal = {Journal of the Royal Statistical Society (A)},
          Volume = "140",
          Number = "",
          Pages  = "492--510",
          Year   = "1977"
}

@article{Chatfield78,
          Author = {C. Chatfield},
          Title  = {The {H}olt-{W}inters forecasting procedures},
          Journal = {Applied Statistics},
          Volume = "27",
          Number = "",
          Pages  = "264--279",
          Year   = "1978"
}

@article{Chatfield93,
          Author = {C. Chatfield},
          Title  = {Calculating interval forecasts},
          Journal = {Journal of Business and Economic Statistics},
          Volume = "11",
          Number = "",
          Pages  = "121--135",
          Year   = "1993"
}

@article{Chen96,
          Author = {C. Chen},
          Title  = {Some statistical properties of the {H}olt-{W}inter seasonal forecasting method},
          Journal = {Journal of Japan Statistical Society},
          Volume = "26",
          Number = "",
          Pages  = "173--187",
          Year   = "1996"
}

@article{Chen97,
          Author = {C. Chen},
          Title  = {Robustness properties of some forecasting methods for seasonal time series:
                    a {M}onte {C}arlo study},
          Journal = {International Journal of Forecasting},
          Volume = "13",
          Number = "",
          Pages  = "269--280",
          Year   = "1997"
}

@article{CKOS01,
          Author = {C. Chatfield and A. B. Koehler and J. K. Ord and R. D. Snyder},
          Title  = {A new look at models for exponential smoothing},
          Journal = {The Statistician},
          Volume = "50",
          Number = "",
          Pages  = "147--159",
          Year   = "2001"
}

@article{Clemen89,
          Author = {R. Clemen},
          Title  = {Combining forecasts: a review and annotated bibliography with discussion},
          Journal = {International Journal of Forecasting},
          Volume = "5",
          Number = "",
          Pages  = "559--608",
          Year   = "1989"
}

@article{CY91,
          Author = {C. Chatfield and M. Yar},
          Title  = {Prediction intervals for multiplicative {H}olt-{W}inters},
          Journal = {International Journal of Forecasting},
          Volume = "7",
          Number = "",
          Pages  = "31--37",
          Year   = "1991"
}

@article{CY88,
          Author = {C. Chatfield and M. Yar},
          Title  = {Holt-{W}inters forecasting: some practical issues},
          Journal = {The Statisticians},
          Volume = "37",
          Number = "",
          Pages  = "129--140",
          Year   = "1988"
}

@article{Dalrymple87,
          Author = {D. J. Dalrymple},
          Title  = {Sales forecasting practices: results from a {U}nited {S}tates survey},
          Journal = {International Journal of Forecasting},
          Volume = "3",
          Number = "",
          Pages  = "379--391",
          Year   = "1987"
}

@article{DH72,
          Author = {D. B. Duncan and S. D. Horn},
          Title  = {Linear dynamic recursive estimation from the view point of regression analysis},
          Journal = {Journal of American Statistical Association},
          Volume = "67",
          Number = "",
          Pages  = "815--821",
          Year   = "1972"
}

@article{FHMM98,
          Author = {R. Fildes and M. Hibon and S. Makridakis and N. Meade},
          Title  = {Generalizing about univariate forecasting methods: further empirical evidence},
          Journal = {International Journal of Forecasting},
          Volume = "14",
          Number = "",
          Pages  = "339--358",
          Year   = "1998"
}

@article{FM95,
          Author = {R. Fildes and S. Makridakis},
          Title  = {The impact of empirical accuracy studies on time series analysis and forecasting},
          Journal = {International Statistical Review},
          Volume = "63",
          Number = "",
          Pages  = "289--308",
          Year   = "1995"
}

@article{Fildes92,
          Author = {R. Fildes},
          Title  = {The evaluation of extrapolative forecasting methods (with discussion)},
          Journal = {International Journal of Forecasting},
          Volume = "8",
          Number = "",
          Pages  = "81--111",
          Year   = "1992"
}

@article{Gardner85,
          Author = {E. S. Gardner},
          Title  = {Exponential smoothing: the state of the art},
          Journal = {Journal of Forecasting},
          Volume = "4",
          Number = "",
          Pages  = "1--28",
          Year   = "1985"
}

@article{Gardner88,
          Author = {E. S. Gardner},
          Title  = {A simple method of computing prediciton intervals for time-series forecasts},
          Journal = {Management Science},
          Volume = "34",
          Number = "",
          Pages  = "541--546",
          Year   = "1988"
}

@article{GH75,
          Author = {E. J. Godolphin and P. J. Harrison},
          Title  = {Equivalence theorms for polynomial-projecting predictor},
          Journal = {Journal of Royal Statistical Society (B)},
          Volume = "37",
          Number = "",
          Pages  = "205--215",
          Year   = "1975"
}

@article{GK86,
          Author = {M. D. Geurts and J. P. Kelly},
          Title  = {Forecasting demand for special services},
          Journal = {International Journal of Forecasting},
          Volume = "2",
          Number = "",
          Pages  = "261--272",
          Year   = "1986"
}

@article{GM85,
          Author = {E. S. Gardner and E. McKenzie},
          Title  = {Forecasting trends in time series},
          Journal = {Management Science},
          Volume = "31",
          Number = "",
          Pages  = "1237--1246",
          Year   = "1985"
}

@article{GM88,
          Author = {E. S. Gardner and E. McKenzie},
          Title  = {Model identification in exponential smoothing},
          Journal = {Journal of Operational Research Society},
          Volume = "39",
          Number = "",
          Pages  = "863--867",
          Year   = "1988"
}

@article{GM89,
          Author = {E. S. Gardner and E. McKenzie},
          Title  = {Seasonal exponential smoothing with damped trends},
          Journal = {Management Science},
          Volume = "35",
          Number = "3",
          Pages  = "372--376",
          Year   = "1989"
}

@article{GS80,
          Author = {E. J. Godolphin and J. M. Stone},
          Title  = {On the structural representation of polynomial-projecting predictor
                    models based on the {K}alman filter},
          Journal = {Journal of Royal Statistical Society (B)},
          Volume = "42",
          Number = "",
          Pages  = "35--45",
          Year   = "1980"
}

@article{Harrison65,
          Author = {P. J. Harrison},
          Title  = {Short-term sales forecasting},
          Journal = {Applied Statistics},
          Volume = "14",
          Number = "",
          Pages  = "102--139",
          Year   = "1965"
}

@article{Harrison67,
          Author = {P. J. Harrison},
          Title  = {Exponential smoothing and short-term sales forecasting},
          Journal = {Management Science},
          Volume = "13",
          Number = "",
          Pages  = "821--842",
          Year   = "1967"
}

@article{HKSG02,
          Author = {R. J. Hyndman and A. B. Koehler and R. D. Snyder and S. Grose},
          Title  = {A state space framework for automatic forecasting using
          exponential smoothing methods},
          Journal = {International Journal of Forecasting},
          Volume = "18",
          Number = "3",
          Pages  = "439--454",
          Year   = "2002"
}

@article{HKOS05,
          Author = {R. J. Hyndman and A. B. Koehler and J. K. Ord and R. D. Snyder},
          Title  = {Prediction intervals for exponential smoothing state space models},
          Journal = {Journal of Forecasting},
          Volume = "24",
          Number = "",
          Pages  = "17--37",
          Year   = "2005"
}

@article{Hogarth75,
          Author = {R. M. Hogarth},
          Title  = {Cognitive processes and the assessment of subjective probability distribution},
          Journal = {Journal of the American Statistical Association},
          Volume = "70",
          Number = "",
          Pages  = "271--290",
          Year   = "1975"
}

@article{HS76,
          Author = {P. J. Harrison and C. F. Stevens},
          Title  = {Bayesian {F}orecasting},
          Journal = {Journal of Royal Statistical Society},
          Volume = "38",
          Number = "",
          Pages  = "205--228",
          Year   = "1976"
}

@article{JH86,
          Author = {F. R. Johnston and P. J. Harrison},
          Title  = {The variance of lead-time demand},
          Journal = {Journal of Operational Research Society},
          Volume = "37",
          Number = "",
          Pages  = "303--308",
          Year   = "1986"
}

@article{Kirby66,
          Author = {R. M. Kirby},
          Title  = {A comparison of short and medium range forecasting methods},
          Journal = {Management Science},
          Volume = "13",
          Number = "",
          Pages  = "B202--B210",
          Year   = "1966"
}

@article{KN89,
          Author = {J. P. Korhonen and S. C. Narula},
          Title  = {The probability distribution of the ratio of the absolute values of
                    two normal variables},
          Journal = {Journal of Statistical Computation and Simulation},
          Volume = "33",
          Number = "3",
          Pages  = "173--182",
          Year   = "1989"
}

@article{Koehler90,
          Author = {A. B. Koehler},
          Title  = {An appropriate prediction interval},
          Journal = {International Journal of Forecasting},
          Volume = "6",
          Number = "",
          Pages  = "557--558",
          Year   = "1990"
}

@article{Koehler01,
          Author = {A. B. Koehler},
          Title  = {The asymmetry of the s{APE} measure and other comments on the {M}3-competition},
          Journal = {International Journal of Forecasting},
          Volume = "17",
          Number = "",
          Pages  = "537--584",
          Year   = "2001"
}

@article{KSO01,
          Author = {A. B. Koehler and R. D. Snyder and J. K. Ord},
          Title  = {Forecasting models and prediction intervals for the multiplicative {H}olt-{W}inters' method},
          Journal = {International Journal of Forecasting},
          Volume = "17",
          Number = "",
          Pages  = "269--286",
          Year   = "2001"
}

@article{LEO85,
          Author = {M. T. Lawrence and M. L. King and M. J. O'Connor},
          Title  = {An examination of the accuracy of judgemental extrapolation of time series},
          Journal = {International Journal of Forecasting},
          Volume = "1",
          Number = "",
          Pages  = "14--24",
          Year   = "1985"
}

@article{Lawton98,
          Author = {R. Lawton},
          Title  = {How should additive {H}olt-{W}inters' estimates be corrected?},
          Journal = {International Journal of Forecasting},
          Volume = "14",
          Number = "",
          Pages  = "393--403",
          Year   = "1998"
}

@article{Lewandowski82,
          Author = {R. Lewandowski},
          Title  = {Sales forecasting by {FORSYS}},
          Journal = {Journal of Forecasting},
          Volume = "1",
          Number = "",
          Pages  = "205--214",
          Year   = "1982"
}

@article{Makridakis93,
          Author = {S. Makridakis},
          Title  = {Accuracy measures: theoretical and practical concerns},
          Journal = {International Journal of Forecasting},
          Volume = "9",
          Number = "",
          Pages  = "527--529",
          Year   = "1993"
}

@article{Marsaglia65,
          Author = {G. Marsaglia},
          Title  = {Ratio of normal variables and ratios of sums of uniform variables},
          Journal = {Journal of American Statistical Association},
          Volume = "60",
          Number = "",
          Pages  = "193--204",
          Year   = "1979"
}

@article{MH79,
          Author = {S. Makridakis and M. Hibon},
          Title  = {Accuracy of forecasting: an empirical investigation (with discussion)},
          Journal = {Journal of Royal Statistical Society (A)},
          Volume = "142",
          Number = "",
          Pages  = "97--145",
          Year   = "1979"
}

@article{Metal82,
          Author = {S. Makridakis and A. Anderson and R. Carbone and R. Fildes and M. Hibon and
                     R. Lewandowskiand J. Newton and E. Parzen and R. Winkler},
          Title  = {The accuracy of extrapolation (time series) methods: results of a forecasting competition},
          Journal = {Journal of Forecasting},
          Volume = "1",
          Number = "",
          Pages  = "111--153",
          Year   = "1982"
}

@article{Metal87,
          Author = {S. Makridakis and M. Hibon and E. Lusk and M. Belhadjali},
          Title  = {Confidence intervals: an empirical investigation of the series in the {M}-competition},
          Journal = {International Journal of Forecasting},
          Volume = "3",
          Number = "",
          Pages  = "489--508",
          Year   = "1987"
}

@article{Metal93,
          Author = {S. Makridakis and C. Chatfield and M. Hibon and T. Miles and
                    J. K. Ord and L.F. Simmons},
          Title  = {The {M}2-competition: a real-time judgmentally based forecasting study},
          Journal = {International Journal of Forecasting},
          Volume = "9",
          Number = "",
          Pages  = "5--22",
          Year   = "1993"
}

@article{MH00,
          Author = {M. Makridakis and M. Hibon},
          Title  = {The {M}3-competition: results, conclusions and implications},
          Journal = {International Journal of Forecasting},
          Volume = "16",
          Number = "",
          Pages  = "451--476",
          Year   = "2000"
}

@article{McClain74,
          Author = {J. O. McClain},
          Title  = {Dynamics of exponential smoothing with trend and seasonal terms},
          Journal = {Management Science},
          Volume = "20",
          Number = "",
          Pages  = "1300--1304",
          Year   = "1974"
}

@article{McT73,
          Author = {J. O. McClain, and L. J. Thomas},
          Title  = {Response-variance tradeoffs in adaptive forecasting},
          Journal = {Operations Research},
          Volume = "21",
          Number = "",
          Pages  = "554--568",
          Year   = "1973"
}

@article{McKenzie74,
          Author = {E. McKenzie},
          Title  = {A comparison of standard forecasting systems with the {B}ox-{J}enkins approach},
          Journal = {The Statistician},
          Volume = "23",
          Number = "",
          Pages  = "107--116",
          Year   = "1974"
}

@article{McKenzie76,
          Author = {E. McKenzie},
          Title  = {A comparison of some standard seasonal forecasting systems},
          Journal = {The Statisticians},
          Volume = "25",
          Number = "",
          Pages  = "3--14",
          Year   = "1976"
}

@article{McKenzie84,
          Author = {E. McKenzie},
          Title  = {General exponential smoothing and the equivalent {ARMA} process},
          Journal = {Journal of Forecasting},
          Volume = "3",
          Number = "",
          Pages  = "333--344",
          Year   = "1984"
}

@article{McKenzie86,
          Author = {E. McKenzie},
          Title  = {Error analysis for {W}inters' additive seasonal forecasting system},
          Journal = {International Journal of Forecasting},
          Volume = "2",
          Number = "",
          Pages  = "373--382",
          Year   = "1986"
}

@article{McNees76,
          Author = {S. K. McNees},
          Title  = {An evaluation of economic forecasting},
          Journal = {New England Economic Review},
          Volume = "2",
          Number = "",
          Pages  = "November-December issue",
          Year   = "1976"
}

@article{MG84,
          Author = {R. Meese and J. Geweke},
          Title  = {A comparison of autoregressive univariate forecasting procedures for
                    macroeconomic time series},
          Journal = {Journal of Business and Economic Statistics},
          Volume = "2",
          Number = "",
          Pages  = "191--200",
          Year   = "1984"
}

@article{Muth60,
          Author = {J. F. Muth},
          Title  = {Optimal properties of exponentially weighted forecasts},
          Journal = {Journal of the American Statistical Association},
          Volume = "55",
          Number = "",
          Pages  = "299--306",
          Year   = "1960"
}

@article{NG74,
          Author = {P. Newbold and C. W. J. Granger},
          Title  = {Experience with forecasting univariate time series and the combination of
                    forecasts (with discussion)},
          Journal = {Journal of the Royal Statistical Society (A)},
          Volume = "137",
          Number = "",
          Pages  = "131--165",
          Year   = "1974"
}

@article{OKS97,
          Author = {J. K. Ord and A. B. Koehler and R. D. Snyder},
          Title  = {Estimation and prediction for a class of dynamic nonlinear statistical models},
          Journal = {Journal of American Statistical Association},
          Volume = "92",
          Number = "",
          Pages  = "1621--1629",
          Year   = "1997"
}

@article{Parzen79,
          Author = {E. Parzen},
          Title  = {Time series and whitening filter estimation},
          Journal = {TIMS Studies in Management Science},
          Volume = "12",
          Number = "",
          Pages  = "149--165",
          Year   = "1979"
}

@article{Pegels69,
          Author = {C. C. Pegels},
          Title  = {Exponential smoothing: some new variations},
          Journal = {Management Science},
          Volume = "12",
          Number = "",
          Pages  = "311--315",
          Year   = "1969"
}

@article{Proietti00,
          Author = {T. Proietti},
          Title  = {Comparing seasonal components for structural time series models},
          Journal = {International Journal of Forecasting},
          Volume = "16",
          Number = "",
          Pages  = "247--260",
          Year   = "2000"
}

@article{Roberts82,
          Author = {S. A. Roberts},
          Title  = {A general class of {H}olt-{W}inters type forecasting models},
          Journal = {Management Science},
          Volume = "28",
          Number = "8",
          Pages  = "808--820",
          Year   = "1982"
}

@article{SF93,
          Author = {H. Schneeberger and K. Fleischer},
          Title  = {The distribution of the ratio of two variables},
          Journal = {Journal of Statistical Computation and Simulation},
          Volume = "47",
          Number = "",
          Pages  = "227--240",
          Year   = "1993"
}

@article{Snyder85,
          Author = {R. D. Snyder},
          Title  = {Recursive estimation of dynamic linear statistical models},
          Journal = {Journal of the Royal Statistical Society (B)},
          Volume = "47",
          Number = "2",
          Pages  = "272--276",
          Year   = "1985"
}

@article{SF03,
          Author = {R. D. Snyder, and C. S. Forbes},
          Title  = {Reconstructing the {K}alman filter for stationary and non-stationary time series},
          Journal = {Studies in nonlinear dynamics and econometrics},
          Volume = "7",
          Number = "2",
          Pages  = "1--18",
          Year   = "2003"
}

@article{SOK01,
          Author = {R. D. Snyder and J. K. Ord and A. B. Koehler},
          Title  = {Prediction intervals for {ARIMA} models},
          Journal = {J.~Bus.\ Econ.\ Statist.},
          Volume = "19",
          Number = "2",
          Pages  = "217--225",
          Year   = "2001"
}

@article{Sweet81,
          Author = {A. L. Sweet},
          Title  = {Adaptive smoothing for forecasting seasonal series},
          Journal = {AIIE Transactions},
          Volume = "13",
          Number = "",
          Pages  = "243--248",
          Year   = "1981"
}

@article{Sweet85,
          Author = {A. L. Sweet},
          Title  = {Computing the variance of the forecast error for the {H}olt-{W}inters seasonal models},
          Journal = {Journal of Forecasting},
          Volume = "4",
          Number = "",
          Pages  = "235--243",
          Year   = "1985"
}

@article{Thompson90,
          Author = {P. A. Thompson},
          Title  = {An {MSE} statistic for comparing forecast accuracy across series},
          Journal = {International Journal of Forecasting},
          Volume = "6",
          Number = "",
          Pages  = "219--227",
          Year   = "1990"
}

@article{WDW96,
          Author = {H. Winklhofer and A. Diamantopoulos and S.F. Witt},
          Title  = {Forecasting practice: a review of the empirical literature and
                    an agenda for future research},
          Journal = {International Journal of Forecasting},
          Volume = "12",
          Number = "",
          Pages  = "193--221",
          Year   = "1996"
}

@article{WG71,
          Author = {W. H. Williams and M.L. Goodman},
          Title  = {A simple method for the construction of empirical confidence limits
                    for economic forecasts},
          Journal = {Journal of the American Statistical Association},
          Volume = "66",
          Number = "",
          Pages  = "752--754",
          Year   = "1971"
}

@article{Wilson79,
          Author = {G. T. Wilson},
          Title  = {Some efficient computational procedures for high order {ARMA} models},
          Journal = {Journal of Statistical computation and Simulation},
          Volume = "8",
          Number = "",
          Pages  = "301--309",
          Year   = "1979"
}

@article{Winters60,
          Author = {P. R. Winters},
          Title  = {Forecasting sales by exponentially weighted moving averages},
          Journal = {Management Science},
          Volume = "6",
          Number = "",
          Pages  = "324--342",
          Year   = "1960"
}

@article{YC90,
          Author = {M. Yar and C. Chatfield},
          Title  = {Prediction intervals for the {H}olt-{W}inters forecasting procedure},
          Journal = {International Journal of Forecasting},
          Volume = "6",
          Number = "",
          Pages  = "127--137",
          Year   = "1990"
}


%##############################

@BOOK{AL83,
  author =       {B. Abraham and J. Ledolter},
  title =        {Statistical methods for forecasting},
  publisher =    {Wiley, New York},
  edition =      {},
  year =         {1983}
}

@BOOK{BD87,
  author =       {P. J. Brockwell and R. A. Davis},
  title =        {Time series: theory and methods},
  publisher =    {Springer-Verlag, New York},
  edition =      {1st},
  year =         {1987}
}

@BOOK{BD91,
  author =       {P. J. Brockwell and R. A Davis},
  title =        {Time series: theory and methods},
  publisher =    {Springer-Verlag, New York},
  edition =      {2nd},
  year =         {1991}
}

@BOOK{BJ70,
  author =       {G. E. P. Box and G. Jenkins},
  title =        {Time series analysis: forecasting and control},
  publisher =    {Holden-Day, San Francisco},
  edition =      {},
  year =         {1970}
}

@BOOK{BJ76,
  author =       {G. E. P. Box and G. Jenkins},
  title =        {Time series analysis: forecasting and control},
  publisher =    {Holden-Day, San Francisco},
  edition =      {2nd},
  year =         {1976}
}

@BOOK{BJR94,
  author =       {G. E. P. Box and G. Jenkins and G. C. Reinsel},
  title =        {Time series analysis: forecasting and control},
  publisher =    {Englewood Cliffs, New Jersey: Prentice-Hall},
  edition =      {},
  year =         {1994}
}

@BOOK{BO79,
  author =       {B. L. Bowerman and R. T. O'Connell},
  title =        {Forecasting and time series},
  publisher =    {Wadsworth: Belmont, California},
  edition =      {},
  year =         {1979}
}

@BOOK{BO87,
  author =       {B. L. Bowerman and R. T. O'Connell},
  title =        {Time series forecasting},
  publisher =    {Duxbury, Boston},
  edition =      {2nd},
  year =         {1987}
}

@BOOK{BO93,
  author =       {B. L. Bowerman and R. T. O'Connell},
  title =        {Time series forecasting},
  publisher =    {Duxbury, Boston},
  edition =      {3rd},
  year =         {1993}
}

@BOOK{BOK04,
  author =       {B. L. Bowerman and R. T. O'Connell and A. B. Koehler},
  title =        {Forecasting, time series and regression: an applied approach},
  publisher =    {Thomson Brooks/Cole, Belmont CA},
  edition =      {},
  year =         {2004}
}

@BOOK{Brown59,
  author =       {R. G. Brown},
  title =        {Statistical forecasting for inventory control},
  publisher =    {McGraw-Hill, New York},
  edition =      {},
  year =         {1959}
}

@BOOK{Brown63,
  author =       {R. G. Brown},
  title =        {Smoothing, forecasting and prediction of discrete time series},
  publisher =    {Englewood Cliffs, New Jersey: Prentice Hall},
  edition =      {},
  year =         {1963}
}

@BOOK{Chatfield89,
  author =       {C. Chatfield},
  title =        {The analysis of time series},
  publisher =    {Chapman \& Hall, London},
  edition =      {4th},
  year =         {1989}
}

@BOOK{Chatfield96,
  author =       {C. Chatfield},
  title =        {The analysis of time series},
  publisher =    {Chapman \& Hall, London},
  edition =      {5th},
  year =         {1996}
}

@BOOK{GN77,
  author =       {C. W. J. Granger and P. Newbold},
  title =        {Forecasting economic time series},
  publisher =    {Academic press, New York},
  edition =      {},
  year =         {1977}
}

@BOOK{GN86,
  author =       {C. W. Granger and P. Newbold},
  title =        {Forecasting economic time series},
  publisher =    {Academic Press, New York},
  edition =      {2nd},
  year =         {1986}
}

@BOOK{HR95,
  author =       {J. E. Hanke and A. G. Reitsch},
  title =        {Business forecasting},
  publisher =    {Prentice-Hall: Englewood Cliffs, NJ},
  edition =      {5th},
  year =         {1995}
}

@BOOK{Harvey89,
  author =       {A. C. Harvey},
  title =        {Forecasting, structural time series models and the {K}alman filter},
  publisher =    {Cambridge University Press, Cambridge},
  edition =      {},
  year =         {1989}
}

@BOOK{Harvey90,
  author =       {A. C. Harvey},
  title =        {Forecasting, structural time series models and the {K}alman filter},
  publisher =    {Cambridge University Press, Cambridge},
  edition =      {},
  year =         {1990}
}

@BOOK{HD88,
  author =       {E. J. Hannan and M. Deistler},
  title =        {The statistical theory of linear systems},
  publisher =    {John Wiley \& Sons, New York},
  edition =      {},
  year =         {1988}
}

@BOOK{Holt57b,
  author =       {C. C. Holt},
  title =        {Planning production, inventories and work force},
  publisher =    {Englewood Cliffs, New Jersey: Prentice Hall},
  edition =      {},
  year =         {1957}
}

@BOOK{Holt60,
  author =       {C. C. Holt and F. Modigliani and J.F. Muth, and H.A. Simon},
  title =        {Planning production, inventories and work force},
  publisher =    {Englewood Cliffs, New Jersey: Prentice Hall},
  edition =      {},
  year =         {1960}
}

@BOOK{JKB94,
  author =       {N. L. Johnson and S. Kotz and N. Balakrishnan},
  title =        {Continuous univariate distributions},
  publisher =    {John Wiley \& Sons, New York},
  edition =      {2nd},
  year =         {1994}
}

@BOOK{KJ88,
  author =       {S. Kotz and N. L. Johnson},
  title =        {Encyclopedia of statistical sciences, Vol. 8},
  publisher =    {John Wiley \& Sons, New York},
  edition =      {},
  year =         {1988}
}

@article{Lewandowski79,
  author =       {R. Lewandowski},
  title =        {La {P}revision a {C}ourt {T}erme},
  publisher =    {Dunod, Paris},
  edition =      {},
  year =         {1979}
}

@BOOK{MJ76,
  author =       {D. C. Montgomery and L. A. Johnson},
  title =        {Forecasting and time series analysis},
  publisher =    {McGraw-Hill, New York},
  edition =      {},
  year =         {1976}
}

@BOOK{MW78,
  author =       {S. Makridakis and S. C. Wheelwright},
  title =        {Interactive forecasting: univariate and multivariate methods},
  publisher =    {Holden Day, San Francisco},
  edition =      {2nd},
  year =         {1978}
}

@BOOK{MWH98,
  author =       {S. Makridakis and S. C. Wheelwright and R. J. Hyndman},
  title =        {Forecasting: methods and applications},
  publisher =    {John Wiley \& Sons, New York},
  edition =      {3rd},
  year =         {1998}
}

@BOOK{Ralston65,
  author =       {A. Ralston},
  title =        {A first course in numerical analysis},
  publisher =    {McGraw-Hill, New York},
  edition =      {},
  year =         {1965}
}

@BOOK{Springer79,
  author =       {M. D. Springer},
  title =        {The algebra of random variables},
  publisher =    {Wiley, New York},
  edition =      {},
  year =         {1979}
}

@BOOK{Wei90,
  author =       {W. W. S. Wei},
  title =        {Time series analysis},
  publisher =    {Addison-Wesley: Redwood City, CA},
  edition =      {},
  year =         {1990}
}

@BOOK{WH97,
  author =       {M. West and J. Harrison},
  title =        {Bayesian forecasting and dynamic models},
  publisher =    {Springer-Verlag, New York},
  edition =      {2nd},
  year =         {1997}
}



















@phdthesis{cheboli2010anomaly,
	title={Anomaly detection of time series},
	author={Cheboli, Deepthi},
	year={2010},
	school={University of Minnesota}
}

@article{faria2016novelty,
	title={Novelty detection in data streams},
	author={Faria, Elaine R and Gon{\c{c}}alves, Isabel JCR and de Carvalho, Andr{\'e} CPLF and Gama, Jo{\~a}o},
	journal={Artificial Intelligence Review},
	volume={45},
	number={2},
	pages={235--269},
	year={2016},
	publisher={Springer}
}


@article{gupta2014outlier,
	title={Outlier detection for temporal data: A survey},
	author={Gupta, Manish and Gao, Jing and Aggarwal, Charu C and Han, Jiawei},
	journal={IEEE Transactions on Knowledge and Data Engineering},
	volume={26},
	number={9},
	pages={2250--2267},
	year={2014},
	publisher={IEEE}
}

@article{wilkinsonvisualizing,
  title={Visualizing big data outliers through distributed aggregation},
  author={Wilkinson, Leland},
  journal={IEEE Transactions on Visualization and Computer Graphics},
  volume={24},
  number={1},
  pages={256--266},
  year={2018},
  publisher={IEEE}
}


@article{faria2016novelty,
	title={Novelty detection in data streams},
	author={Faria, Elaine R and Gon{\c{c}}alves, Isabel JCR and de Carvalho, Andr{\'e} CPLF and Gama, Jo{\~a}o},
	journal={Artificial Intelligence Review},
	volume={45},
	number={2},
	pages={235--269},
	year={2016},
	publisher={Springer}
}







@article{gupta2014outlier,
  title={Outlier detection for temporal data: A survey},
  author={Gupta, Manish and Gao, Jing and Aggarwal, CC and Han, Jiawei},
  journal={IEEE Transactions on Knowledge and Data Engineering},
  volume={26},
  number={9},
  pages={2250--2267},
  year={2014},
  publisher={IEEE}
}

@article{hayes2015contextual,
	title={Contextual anomaly detection framework for big sensor data},
	author={Hayes, MA and Capretz, MA},
	journal={Journal of Big Data},
	volume={2},
	number={1},
	pages={2},
	year={2015},
	publisher={Springer}
}

@article{hodge2004survey,
	title={A survey of outlier detection methodologies},
	author={Hodge, VJ and Austin, Jim},
	journal={Artificial intelligence review},
	volume={22},
	number={2},
	pages={85--126},
	year={2004},
	publisher={Springer}
}

@inproceedings{lavin2015evaluating,
	title={Evaluating real-time anomaly detection algorithms--the numenta anomaly benchmark},
	author={Lavin, Alexander and Ahmad, Subutai},
	booktitle={Machine Learning and Applications (ICMLA), 2015 IEEE 14th International Conference on},
	pages={38--44},
	year={2015},
	organization={IEEE}
}

@article{clifton2011novelty,
	title={Novelty detection with multivariate extreme value statistics},
	author={Clifton, D. A. and Hugueny, Samuel and Tarassenko, Lionel},
	journal={Journal of Signal Processing Systems},
	volume={65},
	number={3},
	pages={371--389},
	year={2011},
	publisher={Springer}
}


@phdthesis{hugueny2013novelty,
	title={Novelty detection with extreme value theory in vital-sign monitoring},
	author={Hugueny, Samuel},
	year={2013},
	school={University of Oxford}
}

@inproceedings{hyndman2015large,
  title={Large-scale unusual time series detection},
  author={Hyndman, Rob J and Wang, Earo and Laptev, Nikolay},
  booktitle={2015 IEEE international conference on data mining workshop (ICDMW)},
  pages={1616--1619},
  year={2015},
  organization={IEEE}
}


@article{kumar2016adaptive,
	title={Adaptive cluster tendency visualization and anomaly detection for streaming data},
	author={Kumar, Dheeraj and Bezdek, James C and Rajasegarar, Sutharshan and Palaniswami, Marimuthu and Leckie, Christopher and Chan, Jeffrey and Gubbi, Jayavardhana},
	journal={ACM Transactions on Knowledge Discovery from Data (TKDD)},
	volume={11},
	number={2},
	pages={24},
	year={2016},
	publisher={ACM}
}


@article{wilkinsonvisualizing,
  title={Visualizing Big Data Outliers through Distributed Aggregation},
  author={Wilkinson, Leland},
  journal={IEEE transactions on visualization and computer graphics},
  volume={24},
  number={1},
  pages={256--266},
  year={2018},
  publisher={IEEE}
}

@phdthesis{schwarz2008wind,
  title={Wind dispersion of carbon dioxide leaking from underground sequestration, and outlier detection in eddy covariance data using extreme value theory},
  author={Schwarz, Katherine Tracy},
  year={2008},
  publisher={University of California, Berkeley}
}


@article{faria2016novelty,
	title={Novelty detection in data streams},
	author={Faria, Elaine R and Gon{\c{c}}alves, Isabel JCR and de Carvalho, Andr{\'e} CPLF and Gama, Jo{\~a}o},
	journal={Artificial Intelligence Review},
	volume={45},
	number={2},
	pages={235--269},
	year={2016},
	publisher={Springer}
}


@article{chandola2009anomaly,
	title={Anomaly detection: A survey},
	author={Chandola, Varun and Banerjee, Arindam and Kumar, Vipin},
	journal={ACM Computing Surveys (CSUR)},
	volume={41},
	number={3},
	pages={15},
	year={2009},
	publisher={ACM}
}


@book{gama2010knowledge,
  title={Knowledge Discovery from Data Streams},
  author={Gama, Joao},
  year={2010},
  publisher={Chapman and Hall/CRC}
}



@article{grubbs1969procedures,
	title={Procedures for detecting outlying observations in samples},
	author={Grubbs, Frank E},
	journal={Technometrics},
	volume={11},
	number={1},
	pages={1--21},
	year={1969},
	publisher={Taylor \& Francis}
}


@article{burridge2006additive,
	title={Additive outlier detection via extreme-value theory},
	author={Burridge, Peter and Taylor, A. M. Robert},
	journal={Journal of Time Series Analysis},
	volume={27},
	number={5},
	pages={685--701},
	year={2006},
	publisher={Wiley Online Library}
}

@article{hyndman1996computing,
	title={Computing and graphing highest density regions},
	author={Hyndman, R. J.},
	journal={The American Statistician},
	volume={50},
	number={2},
	pages={120--126},
	year={1996},
	publisher={Taylor \& Francis}
}

@article{hugueny2008extreme,
	title={Extreme Value Theory for Novelty Detection in Vital Sign Monitoring},
	author={Hugueny, Samuel and Tarassenko, Lionel and Clifton, D. A.},
	year={2008}
}


@book{galambos2013extreme,
	title={Extreme Value Theory and Applications: Proceedings of the Conference on Extreme Value Theory and Applications, Volume 1 Gaithersburg Maryland 1993},
	author={Galambos, J. and Lechner, J. and Simiu, E.},
	isbn={9781461336389},
	series={Extreme Value Theory and Applications: Proceedings of the Conference on Extreme Value Theory and Applications, Gaithersburg, Maryland, 1993},
	year={2013},
	publisher={Springer US}
}

@book{pinto2016advanced,
	title={Advanced Risk Analysis in Engineering Enterprise Systems},
	author={Pinto, C.A. and Garvey, P.R.},
	isbn={9781439826157},
	lccn={2011043038},
	series={Statistics:  A Series of Textbooks and Monographs},
	year={2016},
	publisher={CRC Press}
}


@book{coles2001introduction,
	title={An Introduction to Statistical Modeling of Extreme Values},
	author={Coles, S.},
	isbn={9781852334598},
	lccn={20010426},
	series={Lecture Notes in Control and Information Sciences},
	year={2001},
	publisher={Springer}
}

@phdthesis{clifton2009novelty,
	title={Novelty detection with extreme value theory in jet engine vibration data},
	author={Clifton, D. A.},
	year={2009},
	school={University of Oxford}
}


@inproceedings{sundaram2009aircraft,
	title={Aircraft engine health monitoring using density modelling and extreme value statistics},
	author={Sundaram, Srini and Strachan, Iain G D and Clifton, D. A. and Tarassenko, Lionel and King, Steve},
	booktitle={Proceedings of the 6th International Conference on Condition Monitoring and Machine Failure Prevention Technologies},
	year={2009}
}

@inproceedings{fisher1928limiting,
	title={Limiting forms of the frequency distribution of the largest or smallest member of a sample},
	author={Fisher, Ronald Aylmer and Tippett, Leonard Henry Caleb},
	booktitle={Mathematical Proceedings of the Cambridge Philosophical Society},
	volume={24},
	number={02},
	pages={180--190},
	year={1928},
	organization={Cambridge Univ Press}
}


@book{embrechts2013modelling,
	title={Modelling Extremal Events: for Insurance and Finance},
	author={Embrechts, P. and Kl{\"u}ppelberg, C. and Mikosch, T.},
	isbn={9783540609315},
	lccn={97012308},
	series={Stochastic Modelling and Applied Probability},
	year={2013},
	publisher={Springer Berlin Heidelberg}
}

@article{fulcher2014highly,
	title={Highly comparative feature-based time-series classification},
	author={Fulcher, Ben D. and Jones, Nick S.},
	journal={IEEE Transactions on Knowledge and Data Engineering},
	volume={26},
	number={12},
	pages={3026--3037},
	year={2014},
	publisher={IEEE}
}

@article{fulcher2013highly,
	title={Highly comparative time-series analysis: the empirical structure of time series and their methods},
	author={Fulcher, Ben D. and Little, Max A. and Jones, Nick S.},
	journal={Journal of the Royal Society Interface},
	volume={10},
	number={83},
	pages={20130048},
	year={2013},
	publisher={The Royal Society}
}



@article{wang2006characteristic,
	title={Characteristic-based clustering for time series data},
	author={Wang, Xiaozhe and Smith, Kate and Hyndman, R. J.},
	journal={Data Mining and Knowledge Discovery},
	volume={13},
	number={3},
	pages={335--364},
	year={2006},
	publisher={Springer}
}



@phdthesis{fulcher2012highly,
	title={Highly comparative time-series analysis},
	author={Fulcher, Benjamin D},
	year={2012},
	school={University of Oxford}
}


@incollection{jin2007frequent,
	title={Frequent pattern mining in data streams},
	author={Jin, Ruoming and Agrawal, Gagan},
	booktitle={Data Streams},
	pages={61--84},
	year={2007},
	publisher={Springer}
}



@article{kooperberg1991study,
	title={A study of logspline density estimation},
	author={Kooperberg, Charles and Stone, Charles J},
	journal={Computational Statistics \& Data Analysis},
	volume={12},
	number={3},
	pages={327--347},
	year={1991},
	publisher={Elsevier}
}

@article{loader1996local,
	title={Local likelihood density estimation},
	author={Loader, Clive R and others},
	journal={The Annals of Statistics},
	volume={24},
	number={4},
	pages={1602--1618},
	year={1996},
	publisher={Institute of Mathematical Statistics}
}


@article{mitchell1997machine,
	title={Machine learning. 1997},
	author={Mitchell, Tom M},
	journal={Burr Ridge, IL: McGraw Hill},
	volume={45},
	number={37},
	pages={870--877},
	year={1997}
}

@article{widmer1996learning,
	title={Learning in the presence of concept drift and hidden contexts},
	author={Widmer, Gerhard and Kubat, Miroslav},
	journal={Machine learning},
	volume={23},
	number={1},
	pages={69--101},
	year={1996},
	publisher={Springer}
}

@article{dries2009adaptive,
	title={Adaptive concept drift detection},
	author={Dries, Anton and R{\"u}ckert, Ulrich},
	journal={Statistical Analysis and Data Mining},
	volume={2},
	number={5-6},
	pages={311--327},
	year={2009},
	publisher={Wiley Online Library}
}

@article{miller1992effect,
	title={The effect of nonstationarity on combined forecasts},
	author={Miller, Christopher M and Clemen, Robert T and Winkler, Robert L},
	journal={International Journal of Forecasting},
	volume={7},
	number={4},
	pages={515--529},
	year={1992},
	publisher={Elsevier}
}

@article{rapach2008structural,
	title={Structural breaks and GARCH models of exchange rate volatility},
	author={Rapach, David E and Strauss, Jack K},
	journal={Journal of Applied Econometrics},
	volume={23},
	number={1},
	pages={65--90},
	year={2008},
	publisher={Wiley Online Library}
}

@article{gama2013evaluating,
	title={On evaluating stream learning algorithms},
	author={Gama, Jo{\~a}o and Sebasti{\~a}o, Raquel and Rodrigues, Pedro Pereira},
	journal={Machine learning},
	volume={90},
	number={3},
	pages={317--346},
	year={2013},
	publisher={Springer}
}

@article{anderson1994two,
  title={Two-sample test statistics for measuring discrepancies between two multivariate probability density functions using kernel-based density estimates},
  author={Anderson, Niall H and Hall, Peter and Titterington, D Michael},
  journal={Journal of Multivariate Analysis},
  volume={50},
  number={1},
  pages={41--54},
  year={1994},
  publisher={Elsevier}
}


@article{duong2012closed,
  title={Closed-form density-based framework for automatic detection of cellular morphology changes},
  author={Duong, Tarn and Goud, Bruno and Schauer, Kristine},
  journal={Proceedings of the National Academy of Sciences},
  volume={109},
  number={22},
  pages={8382--8387},
  year={2012},
  publisher={National Acad Sciences}
}

@article{luts2014real,
  title={Real-time semiparametric regression},
  author={Luts, Jan and Broderick, Tamara and Wand, Matt P},
  journal={Journal of Computational and Graphical Statistics},
  volume={23},
  number={3},
  pages={589--615},
  year={2014},
  publisher={Taylor \& Francis}
}

@article{gama2014survey,
  title={A survey on concept drift adaptation},
  author={Gama, Jo{\~a}o and {\v{Z}}liobait{\.e}, Indr{\.e} and Bifet, Albert and Pechenizkiy, Mykola and Bouchachia, Abdelhamid},
  journal={ACM Computing Surveys (CSUR)},
  volume={46},
  number={4},
  pages={44},
  year={2014},
  publisher={ACM}
}

@book{krohn2000fiber,
  title={Fiber optic sensors: fundamentals and applications},
  author={Krohn, David A and MacDougall, Trevor and Mendez, Alexis},
  year={2000},
  publisher={Isa}
}

@article{catalano2014intrusion,
  title={An intrusion detection system for the protection of railway assets using Fiber Bragg Grating sensors},
  author={Catalano, Angelo and Bruno, Francesco Antonio and Pisco, Marco and Cutolo, Antonello and Cusano, Andrea},
  journal={Sensors},
  volume={14},
  number={10},
  pages={18268--18285},
  year={2014},
  publisher={Multidisciplinary Digital Publishing Institute}
}

@Book{Rggplot2009,
    author = {Hadley Wickham},
    title = {ggplot2: Elegant Graphics for Data Analysis},
    publisher = {Springer-Verlag New York},
    year = {2009},
    isbn = {978-0-387-98140-6},
    url = {http://ggplot2.org},
  }

@Manual{Rdplyr2017,
  title = {dplyr: A Grammar of Data Manipulation},
  author = {Hadley Wickham and Romain Francois and Lionel Henry and Kirill M\"{u}ller},
  year = {2017},
  note = {R package version 0.7.4},
  url = {https://CRAN.R-project.org/package=dplyr},
}

@Manual{Rtibble2017,
  title = {tibble: Simple Data Frames},
  author = {Kirill M\"{u}ller and Hadley Wickham},
  year = {2017},
  note = {R package version 1.4.1},
  url = {https://CRAN.R-project.org/package=tibble},
}

@Manual{Rtidyr2017,
  title = {tidyr: Easily Tidy Data with 'spread()' and 'gather()' Functions},
  author = {Hadley Wickham and Lionel Henry},
  year = {2017},
  note = {R package version 0.7.2},
  url = {https://CRAN.R-project.org/package=tidyr},
}

@Article{Rreshape2007,
    author = {Hadley Wickham},
    journal = {Journal of Statistical Software},
    number = {12},
    title = {Reshaping data with the reshape package},
    url = {http://www.jstatsoft.org/v21/i12/paper},
    volume = {21},
    year = {2007},
  }

@article{kang2017visualising,
  title={Visualising forecasting algorithm performance using time series instance spaces},
  author={Kang, Yanfei and Hyndman, Rob J and Smith-Miles, Kate},
  journal={International Journal of Forecasting},
  volume={33},
  number={2},
  pages={345--358},
  year={2017},
  publisher={Elsevier}
}


@article{villanova2016instance,
 author    = {M.A. {Mu\~{n}oz} and L. Villanova and D. Baatar and K. Smith-Miles},
  title     = {Instance Spaces for Machine Learning Classification},
  journal   = {Machine Learning},
  year      = {2018},
  volume    = {107},
  number    = {1},
  pages     = {109--147},
  doi       = {10.1007/s10994-017-5629-5}
}

@article{perron2003searching,
  title={Searching for additive outliers in nonstationary time series},
  author={Perron, Pierre and Rodr\'{i}guez, Gabriel},
  journal={Journal of Time Series Analysis},
  volume={24},
  number={2},
  pages={193--220},
  year={2003},
  publisher={Wiley Online Library}
}


@Manual{basicR,
    title = {R: A Language and Environment for Statistical Computing},
    author = {{R Core Team}},
    organization = {R Foundation for Statistical Computing},
    address = {Vienna, Austria},
    year = {2019},
    url = {https://www.R-project.org/},
}

@article{abuzaid2013detection,
  title={Detection of outliers in simple circular regression models using the mean circular error statistic},
  author={Abuzaid, AH and Hussin, AG and Mohamed, IB},
  journal={Journal of Statistical Computation and Simulation},
  volume={83},
  number={2},
  pages={269--277},
  year={2013},
  publisher={Taylor \& Francis}
}


@incollection{ben2005outlier,
  title={Outlier detection},
  author={Ben-Gal, Irad},
  booktitle={Data Mining and Knowledge Discovery Handbook},
  pages={131--146},
  year={2005},
  publisher={Springer}
}


@article{gupta2014outliersurvey,
  title={Outlier detection for temporal data: A survey},
  author={Gupta, Manish and Gao, Jing and Aggarwal, Charu C and Han, Jiawei},
  journal={IEEE Transactions on Knowledge and Data Engineering},
  volume={26},
  number={9},
  pages={2250--2267},
  year={2014},
  publisher={IEEE}
}

@article{weissman1978estimation,
  title={Estimation of parameters and large quantiles based on the k largest observations},
  author={Weissman, Ishay},
  journal={Journal of the American Statistical Association},
  volume={73},
  number={364},
  pages={812--815},
  year={1978},
  publisher={Taylor \& Francis}
}

@article{horsburgh2015open,
  title={Open source software for visualization and quality control of continuous hydrologic and water quality sensor data},
  author={Horsburgh, Jeffery S and Reeder, Stephanie L and Jones, Amber Spackman and Meline, Jacob},
  journal={Environmental Modelling \& Software},
  volume={70},
  pages={32--44},
  year={2015},
  publisher={Elsevier}
}

@article{hofmann2017value,
  title={Value plots: Boxplots for large data},
  author={Hofmann, Heike and Wickham, Hadley and Kafadar, Karen},
  journal={Journal of Computational and Graphical Statistics},
  volume={26},
  number={3},
  pages={469--477},
  year={2017},
  publisher={Taylor \& Francis}
}
@article{hill2010anomaly,
  title={Anomaly detection in streaming environmental sensor data: A data-driven modeling approach},
  author={Hill, David J and Minsker, Barbara S},
  journal={Environmental Modelling \& Software},
  volume={25},
  number={9},
  pages={1014--1022},
  year={2010},
  publisher={Elsevier}
}

@article{ba2015water,
  title={Water quality monitoring with online change-point detection methods},
  author={Ba, Amadou and McKenna, Sean A},
  journal={Journal of Hydroinformatics},
  volume={17},
  number={1},
  pages={7--19},
  year={2015},
  publisher={IWA Publishing}
}


@article{leigh2019framework,
  title={A framework for automated anomaly detection in high frequency water-quality data from in situ sensors},
  author={Leigh, Catherine and Alsibai, Omar and Hyndman, Rob J and Kandanaarachchi, Sevvandi and King, Olivia C and McGree, James M and Neelamraju, Catherine and Strauss, Jennifer and Talagala, Priyanga Dilini and Turner, Ryan DR and  Mengersen, Kerrie and  Peterson, Erin E.},
  journal={Science of The Total Environment},
  volume={664},
  pages={885--898},
  year={2019},
  publisher={Elsevier}
}


@article{talagala2019feature,
  title={A feature-based framework for detecting technical outliers in water-quality data from in situ sensors},
  author={Talagala, Priyanga Dilini and Hyndman, Rob J and Leigh, Catherine and Mengersen, Kerrie and Smith-Miles, Kate},
  journal={arXiv preprint arXiv:1902.06351},
  year={2019}
}

@Manual{oddwater2018,
  
  title = {oddwater: A package for Outlier Detection in water quality sensor data},
  author={Talagala, Priyanga and  Hyndman, Rob J. },
  year = {2018},
  publisher = {DOI: 10.5281/zenodo.2890469},
  journal = {GitHub repository},
  howpublished = {https://github.com/pridiltal/oddwater}}
}

@inproceedings{wu2008spatio,
  title={Spatio-temporal outlier detection in precipitation data},
  author={Wu, Elizabeth and Liu, Wei and Chawla, Sanjay},
  booktitle={International Workshop on Knowledge Discovery from Sensor Data},
  pages={115--133},
  year={2008},
  organization={Springer}
}

@inproceedings{kang2009discovering,
  title={Discovering teleconnected flow anomalies: A relationship analysis of dynamic neighborhoods (RAD) approach},
  author={Kang, James M and Shekhar, Shashi and Henjum, Michael and Novak, Paige J and Arnold, William A},
  booktitle={International Symposium on Spatial and Temporal Databases},
  pages={44--61},
  year={2009},
  organization={Springer}
}

@article{smith2014towards,
  title={Towards objective measures of algorithm performance across instance space},
  author={Smith-Miles, Kate and Baatar, Davaatseren and Wreford, Brendan and Lewis, Rhyd},
  journal={Computers \& Operations Research},
  volume={45},
  pages={12--24},
  year={2014},
  publisher={Elsevier}
}

@book{stodden2014implementing,
  title={Implementing Reproducible Research},
  author={Stodden, Victoria and Leisch, Friedrich and Peng, Roger D},
  year={2014},
  publisher={CRC Press}
}

@article{kulkarni2018reproducible,
  title={Reproducible bioinformatics project: a community for reproducible bioinformatics analysis pipelines},
  author={Kulkarni, Neha and Alessandr{\`\i}, Luca and Panero, Riccardo and Arigoni, Maddalena and Olivero, Martina and Ferrero, Giulio and Cordero, Francesca and Beccuti, Marco and Calogero, Raffaele A},
  journal={BMC bioinformatics},
  volume={19},
  number={10},
  pages={211},
  year={2018},
  publisher={BioMed Central}
}

 @Manual{Rmarkdown1,
    title = {rmarkdown: Dynamic Documents for R},
    author = {JJ Allaire and Yihui Xie and Jonathan McPherson and Javier Luraschi and Kevin Ushey and Aron Atkins and Hadley Wickham and Joe Cheng and Winston Chang and Richard Iannone},
    year = {2019},
    note = {R package version 1.13},
    url = {https://rmarkdown.rstudio.com},
  }
  

  
  @Manual{Rbookdown1,
    title = {bookdown: Authoring Books and Technical Documents with R Markdown},
    author = {Yihui Xie},
    year = {2019},
    note = {R package version 0.11},
    url = {https://github.com/rstudio/bookdown},
  }